

@book{lamport94,
    author    = "Leslie Lamport",
    title     = "{\LaTeX: A Document Preparation System}",
    year      = "1994",
    publisher = "Addison-Wesley",
    edition = "2nd",
    address   = "Reading, Massachusetts"
}

@inproceedings{nicepaper1,
  author = "Firstname1 Lastname1 and Firstname2 Lastname2",
  title = "A Very Nice Paper To Cite",
  year = "2012",
  booktitle = "Proceedings of the 33rd Annual ACM SIGPLAN Conference on Programming Language Design and Implementation"
}

@inproceedings{nicepaper2,
  author = "Firstname1 Lastname1 and Firstname2 Lastname2 and Firstname3 Lastname3",
  title = "Another Very Nice Paper to Cite",
  year = "2011",
  booktitle = "Proceedings of the 22nd ACM Symposium on Operating Systems Principles"
}

@inproceedings{nicepaper3,
  author = "Firstname1 Lastname1 and Firstname2 Lastname2 and Firstname3 Lastname3 and Firstname4 Lastname4 and Firstname5 Lastname5",
  title = "Yet Another Very Nice Paper To Cite, With Many Author Names All Spelled Out",
  year = "2011",
  booktitle = "Proceedings of the 38th Annual International Symposium on Computer Architecture"
}

@article{yu2018sundial,
  title={Sundial: harmonizing concurrency control and caching in a distributed OLTP database management system},
  author={Yu, Xiangyao and Xia, Yu and Pavlo, Andrew and Sanchez, Daniel and Rudolph, Larry and Devadas, Srinivas},
  journal={Proceedings of the VLDB Endowment},
  volume={11},
  number={10},
  pages={1289--1302},
  year={2018},
  publisher={VLDB Endowment}
}
@inproceedings{Thomson:2012:CFD:2213836.2213838,
 author = {Thomson, Alexander and Diamond, Thaddeus and Weng, Shu-Chun and Ren, Kun and Shao, Philip and Abadi, Daniel J.},
 title = {Calvin: Fast Distributed Transactions for Partitioned Database Systems},
 booktitle = {Proceedings of the 2012 ACM SIGMOD International Conference on Management of Data},
 series = {SIGMOD '12},
 year = {2012},
 isbn = {978-1-4503-1247-9},
 location = {Scottsdale, Arizona, USA},
 pages = {1--12},
 numpages = {12},
 url = {http://doi.acm.org/10.1145/2213836.2213838},
 doi = {10.1145/2213836.2213838},
 acmid = {2213838},
 publisher = {ACM},
 address = {New York, NY, USA},
 keywords = {determinism, distributed database systems, replication, transaction processing},
} 

@inproceedings{wei2018deconstructing,
  title={Deconstructing {RDMA-enabled} Distributed Transactions: Hybrid is Better!},
  author={Wei, Xingda and Dong, Zhiyuan and Chen, Rong and Chen, Haibo},
  booktitle={13th {USENIX} Symposium on Operating Systems Design and Implementation ({OSDI} 18)},
  pages={233--251},
  year={2018}
}

@article{kung1981optimistic,
  title={On optimistic methods for concurrency control},
  author={Kung, Hsiang-Tsung and Robinson, John T},
  journal={ACM Transactions on Database Systems (TODS)},
  volume={6},
  number={2},
  pages={213--226},
  year={1981},
  publisher={ACM}
}

@article{Bernstein:1981:CCD:356842.356846,
 author = {Bernstein, Philip A. and Bernstein, Philip A. and Goodman, Nathan},
 title = {Concurrency Control in Distributed Database Systems},
 journal = {ACM Comput. Surv.},
 issue_date = {June 1981},
 volume = {13},
 number = {2},
 month = jun,
 year = {1981},
 issn = {0360-0300},
 pages = {185--221},
 numpages = {37},
 url = {http://doi.acm.org.libproxy1.usc.edu/10.1145/356842.356846},
 doi = {10.1145/356842.356846},
 acmid = {356846},
 publisher = {ACM},
 address = {New York, NY, USA},
}

@article{bernstein1983multiversion,
  title={Multiversion concurrency control—theory and algorithms},
  author={Bernstein, Philip A and Goodman, Nathan},
  journal={ACM Transactions on Database Systems (TODS)},
  volume={8},
  number={4},
  pages={465--483},
  year={1983},
  publisher={ACM}
}

@inproceedings{wei2015fast,
  title={Fast in-memory transaction processing using {RDMA} and {HTM}},
  author={Wei, Xingda and Shi, Jiaxin and Chen, Yanzhe and Chen, Rong and Chen, Haibo},
  booktitle={Proceedings of the 25th Symposium on Operating Systems Principles},
  pages={87--104},
  year={2015},
  organization={ACM}
}

@article{mahmoud2014maat,
  title={Maat: Effective and scalable coordination of distributed transactions in the cloud},
  author={Mahmoud, Hatem A and Arora, Vaibhav and Nawab, Faisal and Agrawal, Divyakant and El Abbadi, Amr},
  journal={Proceedings of the VLDB Endowment},
  volume={7},
  number={5},
  pages={329--340},
  year={2014},
  publisher={VLDB Endowment}
}

@article{curino2010schism,
  title={Schism: a workload-driven approach to database replication and partitioning},
  author={Curino, Carlo and Jones, Evan and Zhang, Yang and Madden, Sam},
  journal={Proceedings of the VLDB Endowment},
  volume={3},
  number={1-2},
  pages={48--57},
  year={2010},
  publisher={VLDB Endowment}
}

@inproceedings{pavlo2012skew,
  title={Skew-aware automatic database partitioning in shared-nothing, parallel OLTP systems},
  author={Pavlo, Andrew and Curino, Carlo and Zdonik, Stanley},
  booktitle={Proceedings of the 2012 ACM SIGMOD International Conference on Management of Data},
  pages={61--72},
  year={2012},
  organization={ACM}
}

@inproceedings{kalia2016fasst,
  title={FaSST: Fast, Scalable and Simple Distributed Transactions with Two-Sided {RDMA} Datagram {RPCs}},
  author={Kalia, Anuj and Kaminsky, Michael and Andersen, David G},
  booktitle={12th {USENIX} Symposium on Operating Systems Design and Implementation ({OSDI} 16)},
  pages={185--201},
  year={2016}
}

@inproceedings{chen2016fast,
  title={Fast and general distributed transactions using {RDMA} and {HTM}},
  author={Chen, Yanzhe and Wei, Xingda and Shi, Jiaxin and Chen, Rong and Chen, Haibo},
  booktitle={Proceedings of the Eleventh European Conference on Computer Systems},
  pages={26},
  year={2016},
  organization={ACM}
}

@inproceedings{dragojevic2015no,
  title={No compromises: distributed transactions with consistency, availability, and performance},
  author={Dragojevi{\'c}, Aleksandar and Narayanan, Dushyanth and Nightingale, Edmund B and Renzelmann, Matthew and Shamis, Alex and Badam, Anirudh and Castro, Miguel},
  booktitle={Proceedings of the 25th Symposium on Operating Systems Principles},
  pages={54--70},
  year={2015},
  organization={ACM}
}

@inproceedings{kalia2014using,
  title={Using {RDMA} efficiently for key-value services},
  author={Kalia, Anuj and Kaminsky, Michael and Andersen, David G},
  booktitle={ACM SIGCOMM Computer Communication Review},
  volume={44},
  number={4},
  pages={295--306},
  year={2014},
  organization={ACM}
}

@inproceedings{dragojevic2014farm,
  title={{FaRM}: Fast remote memory},
  author={Dragojevi{\'c}, Aleksandar and Narayanan, Dushyanth and Castro, Miguel and Hodson, Orion},
  booktitle={11th USENIX Symposium on Networked Systems Design and Implementation (NSDI 14)},
  pages={401--414},
  year={2014}
}

@article{harding2017evaluation,
  title={An evaluation of distributed concurrency control},
  author={Harding, Rachael and Van Aken, Dana and Pavlo, Andrew and Stonebraker, Michael},
  journal={Proceedings of the VLDB Endowment},
  volume={10},
  number={5},
  pages={553--564},
  year={2017},
  publisher={VLDB Endowment}
}

@article{stonebraker1986case,
  title={The case for shared nothing},
  author={Stonebraker, Michael},
  journal={IEEE Database Eng. Bull.},
  volume={9},
  number={1},
  pages={4--9},
  year={1986},
  publisher={Citeseer}
}

@article{bailis2014coordination,
  title={Coordination avoidance in database systems},
  author={Bailis, Peter and Fekete, Alan and Franklin, Michael J and Ghodsi, Ali and Hellerstein, Joseph M and Stoica, Ion},
  journal={Proceedings of the VLDB Endowment},
  volume={8},
  number={3},
  pages={185--196},
  year={2014},
  publisher={VLDB Endowment}
}

@inproceedings{kalia2016design,
  title={Design Guidelines for High Performance {RDMA} Systems},
  author={Kalia, Anuj and Kaminsky, Michael and Andersen, David G},
  booktitle={2016 USENIX Annual Technical Conference (USENIX ATC 16)},
  pages={437--450},
  year={2016}
}

@inproceedings{stonebraker2007end,
  title={The end of an architectural era:(it's time for a complete rewrite)},
  author={Stonebraker, Michael and Madden, Samuel and Abadi, Daniel J and Harizopoulos, Stavros and Hachem, Nabil and Helland, Pat},
  booktitle={Proceedings of the 33rd international conference on Very large data bases},
  pages={1150--1160},
  year={2007},
  organization={VLDB Endowment}
}

@MISC{TPC-C,
  author = {The Transaction Processing Council},
  title = {{TPC-C
Benchmark V5.11}},
  year = 2018,
  howpublished = {\url{http://www.tpc.org/tpcc/}},
}

@MISC{SmallBank,
  author = {The H-Store Team},
  title = {{SmallBank Benchmark}},
  year = 2018,
  howpublished = {\url{http://hstore.cs.brown.edu/
documentation/deployment/benchmarks/
smallbank/}},
}

@inproceedings{cooper2010benchmarking,
  title={Benchmarking cloud serving systems with YCSB},
  author={Cooper, Brian F and Silberstein, Adam and Tam, Erwin and Ramakrishnan, Raghu and Sears, Russell},
  booktitle={Proceedings of the 1st ACM symposium on Cloud computing},
  pages={143--154},
  year={2010},
  organization={ACM}
}

@article{agrawal1987concurrency,
  title={Concurrency control performance modeling: Alternatives and implications},
  author={Agrawal, Rakesh and Carey, Michael J and Livny, Miron},
  journal={ACM Transactions on Database Systems (TODS)},
  volume={12},
  number={4},
  pages={609--654},
  year={1987},
  publisher={ACM}
}

@phdthesis{yu2015evaluation,
  title={An evaluation of concurrency control with one thousand cores},
  author={Yu, Xiangyao},
  year={2015},
  school={Massachusetts Institute of Technology}
}

@article{corbett2013spanner,
  title={Spanner: Google’s globally distributed database},
  author={Corbett, James C and Dean, Jeffrey and Epstein, Michael and Fikes, Andrew and Frost, Christopher and Furman, Jeffrey John and Ghemawat, Sanjay and Gubarev, Andrey and Heiser, Christopher and Hochschild, Peter and others},
  journal={ACM Transactions on Computer Systems (TOCS)},
  volume={31},
  number={3},
  pages={8},
  year={2013},
  publisher={ACM}
}

@inproceedings{tu2013speedy,
  title={Speedy transactions in multicore in-memory databases},
  author={Tu, Stephen and Zheng, Wenting and Kohler, Eddie and Liskov, Barbara and Madden, Samuel},
  booktitle={Proceedings of the Twenty-Fourth ACM Symposium on Operating Systems Principles},
  pages={18--32},
  year={2013},
  organization={ACM}
}

@inproceedings{lee2015implementing,
  title={Implementing linearizability at large scale and low latency},
  author={Lee, Collin and Park, Seo Jin and Kejriwal, Ankita and Matsushita, Satoshi and Ousterhout, John},
  booktitle={Proceedings of the 25th Symposium on Operating Systems Principles},
  pages={71--86},
  year={2015},
  organization={ACM}
}

@article{nicola2000performance,
  title={Performance modeling of distributed and replicated databases},
  author={Nicola, Matthias and Jarke, Matthias},
  journal={IEEE Transactions on Knowledge and Data Engineering},
  volume={12},
  number={4},
  pages={645--672},
  year={2000},
  publisher={IEEE}
}

@inproceedings{huang1991experimental,
  title={Experimental Evaluation of Real-Time Optimistic Concurrency Control Schemes.},
  author={Huang, Jiandong and Stankovic, John A and Ramamritham, Krithi and Towsley, Donald F},
  booktitle={VLDB},
  volume={91},
  pages={35--46},
  year={1991}
}

@article{yu2014staring,
  title={Staring into the abyss: An evaluation of concurrency control with one thousand cores},
  author={Yu, Xiangyao and Bezerra, George and Pavlo, Andrew and Devadas, Srinivas and Stonebraker, Michael},
  journal={Proceedings of the VLDB Endowment},
  volume={8},
  number={3},
  pages={209--220},
  year={2014},
  publisher={VLDB Endowment}
}

@inproceedings{bhide1988analysis,
  title={An Analysis of Three Transaction Processing Architectures.},
  author={Bhide, Anupam and Bancilhon, F and Dewitt, DJ},
  booktitle={VLDB},
  volume={14},
  pages={339--350},
  year={1988}
}

@inproceedings{kaminsky2014using,
  title={Using {RDMA} efficiently for key-value services},
  author={Kaminsky, Anuj Kalia Michael and Andersen, David G},
  booktitle={Proc. of SIGCOMM},
  year={2014}
}

@inproceedings{lenoski1990directory,
  title={The directory-based cache coherence protocol for the DASH multiprocessor},
  author={Lenoski, Daniel and Laudon, James and Gharachorloo, Kourosh and Gupta, Anoop and Hennessy, John},
  booktitle={[1990] Proceedings. The 17th Annual International Symposium on Computer Architecture},
  pages={148--159},
  year={1990},
  organization={IEEE}
}

@inproceedings{tsai2017lite,
  title={Lite kernel {RDMA} support for datacenter applications},
  author={Tsai, Shin-Yeh and Zhang, Yiying},
  booktitle={Proceedings of the 26th Symposium on Operating Systems Principles},
  pages={306--324},
  year={2017},
  organization={ACM}
}

@phdthesis{tran2013realizing,
  title={Realizing parallelism in OLTP workloads},
  author={Tran, Khai Q},
  year={2013},
  school={The University of Wisconsin-Madison}
}

@phdthesis{Schindewolf2013_1000035636,
    author       = {Schindewolf, Martin Otto},
    year         = {2013},
    title        = {Performance Optimization Strategies for Transactional Memory Applications},
    doi          = {10.5445/IR/1000035636},
    publisher    = {{KIT, Karlsruhe}},
    abstract     = {This thesis presents tools for Transactional Memory (TM) applications that cover multiple TM systems (Software, Hardware, and hybrid TM) and use information of all different layers of the TM software stack. Therefore, this thesis addresses a number of challenges to extract static information, information about the run time behavior, and expert-level knowledge to develop these new methods and strategies for the optimization of TM applications.},
    keywords     = {Synchronization with Shared Memory, Optimization of Transactional Memory Applications, Tool support, STM, HTM, hybrid TM},
    language     = {english}
}

@inproceedings{mu2014extracting,
  title={Extracting more concurrency from distributed transactions},
  author={Mu, Shuai and Cui, Yang and Zhang, Yang and Lloyd, Wyatt and Li, Jinyang},
  booktitle={11th {USENIX} Symposium on Operating Systems Design and Implementation ({OSDI} 14)},
  pages={479--494},
  year={2014}
}

@inproceedings{roy2015homeostasis,
  title={The homeostasis protocol: Avoiding transaction coordination through program analysis},
  author={Roy, Sudip and Kot, Lucja and Bender, Gabriel and Ding, Bailu and Hojjat, Hossein and Koch, Christoph and Foster, Nate and Gehrke, Johannes},
  booktitle={Proceedings of the 2015 ACM SIGMOD International Conference on Management of Data},
  pages={1311--1326},
  year={2015},
  organization={ACM}
}

@article{escriva2015warp,
  title={Warp: Lightweight multi-key transactions for key-value stores},
  author={Escriva, Robert and Wong, Bernard and Sirer, Emin G{\"u}n},
  journal={arXiv preprint arXiv:1509.07815},
  year={2015}
}

@inproceedings{cowling2012granola,
  title={Granola: low-overhead distributed transaction coordination},
  author={Cowling, James and Liskov, Barbara},
  booktitle={Presented as part of the 2012 USENIX Annual Technical Conference (USENIX ATC 12)},
  pages={223--235},
  year={2012}
}